@article{Brzozowski64,
  author    = {Brzozowski, Janusz A.},
  title     = {Derivatives of Regular Expressions},
  year      = {1964},
  publisher = {ACM},
  volume    = {11},
  number    = {4},
  journal   = {J. ACM},
  pages     = {481â€“494}
}

@article{Antimirov96,
  title   = {Partial derivatives of regular expressions and finite automaton constructions},
  journal = {Theoretical Computer Science},
  volume  = {155},
  number  = {2},
  pages   = {291-319},
  year    = {1996},
  issn    = {0304-3975},
  author  = {Valentin Antimirov}
}
  

